<?xml version="1.0" encoding="UTF-8"?>
<record xmlns="http://www.loc.gov/MARC21/slim" xmlns:xsi="http://www.w3.org/2001/XMLSchema-instance" xsi:schemaLocation="http://www.loc.gov/MARC21/slim http://www.loc.gov/standards/marcxml/schema/MARC21slim.xsd">
<leader>00000cam a22      i 4500</leader>
<controlfield tag="001">001684918</controlfield>
<controlfield tag="003">NNU</controlfield>
<controlfield tag="005">20160122170403.0</controlfield>
<controlfield tag="008">000202s1964    iq            000 0 arar</controlfield>
<datafield tag="010" ind1=" " ind2=" ">
<subfield code="a">ne 66000235</subfield>
</datafield>
<datafield tag="035" ind1=" " ind2=" ">
<subfield code="a">(OCoLC)504989715</subfield>
</datafield>
<datafield tag="040" ind1=" " ind2=" ">
<subfield code="a">DLC</subfield>
<subfield code="b">eng</subfield>
<subfield code="c">TKN</subfield>
<subfield code="d">DLC</subfield>
<subfield code="d">OCLCF</subfield>
<subfield code="d">OCLCO</subfield>
<subfield code="d">OCLCQ</subfield>
<subfield code="d">NNU</subfield>
</datafield>
<datafield tag="043" ind1=" " ind2=" ">
<subfield code="a">a-iq---</subfield>
</datafield>
<datafield tag="050" ind1=" " ind2="4">
<subfield code="a">GT3080</subfield>
<subfield code="b">.H3 1964</subfield>
</datafield>
<datafield tag="100" ind1="1" ind2=" ">
<subfield code="6">880-01</subfield>
<subfield code="a">Ḥanafī, Jalāl.</subfield>
</datafield>
<datafield tag="245" ind1="1" ind2="3">
<subfield code="6">880-02</subfield>
<subfield code="a">al-Aymān al-Baghdādīyah :</subfield>
<subfield code="b">maʻa malāḥiq bi-al-aymān al-Ḥillīyah wa-al-Mawṣilīyah wa-al-ʻImārīyah wa-al-Hītīyah wa-al-Sāmarrāʼīyah wa-al-Karbalāʼīyah wa-al-Nāṣirīyah /</subfield>
<subfield code="c">taṣnīf Jalāl al-Ḥanafī ; qaddama la-hu wa-ʻallaqa ʻalayhi ʻAbd al-Ḥamīd al-ʻAlwajī.</subfield>
</datafield>
<datafield tag="246" ind1="1" ind2="5">
<subfield code="a">Baghdad oaths</subfield>
</datafield>
<datafield tag="260" ind1=" " ind2=" ">
<subfield code="6">880-03</subfield>
<subfield code="a">[Baghdād] :</subfield>
<subfield code="b">Maktabat al-Nahḍah,</subfield>
<subfield code="c">[1964]</subfield>
</datafield>
<datafield tag="300" ind1=" " ind2=" ">
<subfield code="a">174 pages ;</subfield>
<subfield code="c">24 cm</subfield>
</datafield>
<datafield tag="336" ind1=" " ind2=" ">
<subfield code="a">text</subfield>
<subfield code="b">txt</subfield>
<subfield code="2">rdacontent</subfield>
</datafield>
<datafield tag="337" ind1=" " ind2=" ">
<subfield code="a">unmediated</subfield>
<subfield code="b">n</subfield>
<subfield code="2">rdamedia</subfield>
</datafield>
<datafield tag="338" ind1=" " ind2=" ">
<subfield code="a">volume</subfield>
<subfield code="b">nc</subfield>
<subfield code="2">rdacarrier</subfield>
</datafield>
<datafield tag="500" ind1=" " ind2=" ">
<subfield code="a">Title on added t.p.: Baghdad oaths, by Jalal al-Hanafī.</subfield>
</datafield>
<datafield tag="650" ind1=" " ind2="0">
<subfield code="a">Oaths</subfield>
<subfield code="z">Iraq</subfield>
<subfield code="z">Baghdad.</subfield>
</datafield>
<datafield tag="650" ind1=" " ind2="0">
<subfield code="a">Oaths (Islamic law)</subfield>
</datafield>
<datafield tag="650" ind1=" " ind2="7">
<subfield code="a">Oaths.</subfield>
<subfield code="2">fast</subfield>
<subfield code="0">(OCoLC)fst01042646</subfield>
</datafield>
<datafield tag="650" ind1=" " ind2="7">
<subfield code="a">Oaths (Islamic law)</subfield>
<subfield code="2">fast</subfield>
<subfield code="0">(OCoLC)fst01042656</subfield>
</datafield>
<datafield tag="651" ind1=" " ind2="7">
<subfield code="a">Iraq</subfield>
<subfield code="z">Baghdad.</subfield>
<subfield code="2">fast</subfield>
<subfield code="0">(OCoLC)fst01207444</subfield>
</datafield>
<datafield tag="700" ind1="1" ind2=" ">
<subfield code="6">880-04</subfield>
<subfield code="a">ʻAlwachī, ʻAbd al-Ḥamīd.</subfield>
</datafield>
<datafield tag="880" ind1="1" ind2=" ">
<subfield code="6">100-01/</subfield>
<subfield code="a">حنفي، جلال.</subfield>
</datafield>
<datafield tag="880" ind1="1" ind2="2">
<subfield code="6">245-02/</subfield>
<subfield code="a">الأيمان البغدادية :</subfield>
<subfield code="b">مع ملاحق بالأيمان الحلية والموصلية والعمارية والهيتية والسامرائية والكربلائية والناصرية /</subfield>
<subfield code="c">تصنيف جلال الحنفي ؛ قدم له وعلق عليه عبد الحميد العلوجي.</subfield>
</datafield>
<datafield tag="880" ind1=" " ind2=" ">
<subfield code="6">260-03/</subfield>
<subfield code="a">[بغداد] :</subfield>
<subfield code="b">مكتبة النهضة،</subfield>
<subfield code="c">[1964]</subfield>
</datafield>
<datafield tag="880" ind1="1" ind2=" ">
<subfield code="6">700-04/</subfield>
<subfield code="a">علوچي، عبد الحميد.</subfield>
</datafield>
<datafield tag="OWN" ind1=" " ind2=" ">
<subfield code="a">GENERAL</subfield>
</datafield>
<datafield tag="AVA" ind1=" " ind2=" ">
<subfield code="a">NYU50</subfield>
<subfield code="b">BOBST</subfield>
<subfield code="c">Main Collection</subfield>
<subfield code="d">GT3080 .H3</subfield>
<subfield code="e">unavailable</subfield>
<subfield code="t">Unavailable</subfield>
<subfield code="f">1</subfield>
<subfield code="g">1</subfield>
<subfield code="h">N</subfield>
<subfield code="i">0</subfield>
<subfield code="j">MAIN</subfield>
<subfield code="k">0</subfield>
</datafield>
</record>
